2372 3192
511 190 573 238 20
980 200 1029 235 M.
1067 198 1243 235 TULLu
1281 194 1555 231 elonaoms

512 315 578 363 ⁵tu
595 331 688 361 non
711 316 862 361 solum
883 315 945 360 ad
967 313 1271 372 negligendas
1288 312 1416 368 leges
1439 317 1484 355 et
1510 308 1828 369 quaestiones,
1852 322 2015 355 verum

513 391 654 437 etiam
669 391 728 436 ad
745 389 1022 435 evertendas
1035 386 1481 447 perfringendasque
1494 382 1694 429 valuisti.
1763 382 2017 441 Superiora

514 464 604 520 illa,
646 477 932 524 quamquam
974 461 1166 507 ferenda
1205 473 1299 505 non
1331 458 1532 513 fuerunt,
1575 465 1735 503 tamen
1776 464 1827 502 ut
1870 456 2013 515 potui,

512 538 594 583 tuli
618 554 626 583 :
660 552 783 582 nunc
805 551 916 582 vero
939 549 1015 580 rne
1051 543 1199 581 totam
1221 546 1325 579 esse
1347 532 1394 577 in
1416 539 1543 577 metu
1564 538 1755 590 propter
1774 544 1923 576 unum
1953 538 2012 587 te,

513 612 737 671 quidquid
790 609 1066 669 increpuerit
1119 607 1370 654 Catilinam
1421 605 1588 661 timeri,
1636 604 1815 650 nullum
1866 603 2015 650 videri

515 694 676 731 contra
706 700 782 731 me
814 683 1057 730 consilium
1088 681 1193 727 iniri
1224 695 1380 740 posse,
1405 679 1538 739 quod
1564 693 1593 731 a
1623 687 1704 727 tuo
1736 678 1915 729 scelere
1935 677 2015 723 ab·

516 758 717 814 horreat,
740 755 852 802 ⁶non
884 764 955 801 est
988 755 1239 800 ferendum.
1305 753 1624 809 Quamobrem
1659 750 1852 797 discede
1875 758 2017 809 atque

514 833 636 877 hunc
668 831 781 876 mihi
813 832 1029 876 timorem
1059 829 1202 887 eripe,
1237 829 1274 873 si
1297 837 1368 873 est
1390 841 1540 882 verus,
1561 824 1639 872 ⁶ne
1662 825 1917 885 opprimar,
1942 824 2014 870 sin

514 907 672 964 falsuS,
694 916 742 952 ut
766 906 958 951 tandem
981 904 1231 963 aliquando
1251 903 1417 949 timere
1437 901 1680 947 desinam!
1712 895 1774 957 *f*

532 999 839 1064 ‘¹'VIlL—r9.
879 1009 1009 1051 Haec
1050 1007 1086 1051 si
1129 1014 1301 1061 tecum,
1342 1013 1391 1050 ut
1433 1003 1546 1060 dixi,
1590 1003 1743 1062 patria
1781 1004 2012 1062 loquatur,

516 1097 670 1128 nonne
700 1081 965 1141 ¹impetrare
987 1081 1172 1137 debeat,
1193 1080 1334 1125 etiarn
1357 1079 1395 1124 si
1424 1078 1521 1124 vim
1543 1078 1769 1124 adhibere
1789 1093 1886 1124 non
1910 1092 2014 1137 pos-

513 1156 604 1201 sit?
634 1157 808 1216 ²Quid?
840 1155 979 1212 Quod
1001 1163 1049 1199 tu
1070 1163 1115 1201 te
1138 1154 1239 1212 ipse
1258 1152 1326 1198 ³in
1349 1152 1612 1198 custodiam
1634 1152 1840 1198 dedisti?
1874 1152 2013 1209 Quod

514 1230 727 1275 vitandae
749 1218 1027 1288 suspicionis
1049 1243 1191 1273 causa
1212 1226 1355 1286 ⁴apud
1380 1229 1457 1272 Μ’.
1479 1228 1710 1286 Lepidum
1732 1235 1777 1273 te
1798 1226 2015 1274 habitare

515 1304 630 1348 velle
662 1303 850 1348 dixisti?
908 1303 952 1346 A
985 1316 1075 1361 quo
1107 1316 1203 1347 non
1235 1310 1448 1360 receptus
1480 1301 1623 1346 etiam
1654 1302 1717 1346 ad
1749 1316 1824 1348 me
1854 1301 2016 1346 venire

517 1392 655 1423 ausus
691 1393 755 1434 es,
792 1386 931 1436 atque
968 1385 1018 1422 ut
1053 1376 1180 1421 domi
1218 1391 1351 1422 meae
1394 1385 1438 1422 te
1479 1377 1781 1422 adservarem
1821 1376 2013 1434 rogasti.

519 1453 636 1498 Cum
657 1468 684 1497 a
705 1467 779 1497 me
801 1466 986 1511 quoque
1009 1452 1055 1496 id
1076 1466 1354 1511 responsum
1376 1452 1579 1507 tulisses,
1603 1466 1681 1498 me
1713 1453 1840 1497 nullo
1872 1451 2015 1498 modo

519 1542 655 1586 posse
685 1526 852 1572 ⁵isdem
889 1527 1140 1585 parietibus
1175 1535 1274 1572 tuto
1311 1542 1416 1572 esse
1446 1535 1616 1584 tecum,
1649 1527 1733 1589 qui*
1762 1542 1938 1586 magno
1970 1526 2016 1573 in

519 1602 720 1660 periculo
757 1617 909 1647 essem
947 1602 1072 1660 quod
1108 1602 1260 1646 isdem
1291 1601 1540 1646 moenibus
1573 1595 1933 1659 contineremur,
1957 1602 2019 1648 ad

516 1677 593 1732 (Ὦ.
641 1676 879 1721 Metellum
921 1684 1185 1734 praetorem
1216 1675 1417 1739 venistit
1464 1690 1494 1720 a
1525 1690 1617 1734 quo
1653 1676 1928 1734 repudiatus
1959 1676 2019 1722 a'd

522 1751 728 1795 sodalem
749 1759 892 1805 tuum,
915 1749 1082 1794 ⁷virum
1103 1749 1349 1808 optimum,
1374 1751 1438 1794 M.
1462 1750 1710 1795 Metellum
1726 1750 2016 1808 demigrasti‚

521 1838 660 1882 quem
681 1832 728 1868 tu
748 1821 982 1868 8videlicet
1005 1831 1051 1869 et
1071 1824 1130 1869 ad
1153 1823 1515 1869 custodiendum
1537 1824 1951 1882 diligentissimum
1973 1834 2018 1871 et

523 1897 584 1942 ad
607 1896 936 1954 suspicandum
958 1896 1315 1954 sagacissimum
1338 1905 1384 1943 et
1408 1895 1487 1943 ⁹ad
1508 1897 1845 1944 vindicandum
1868 1898 2020 1944 fortis-

523 1970 690 2015 simum
720 1974 817 2015 tore
849 1970 1034 2028 putasti.
1099 1971 1195 2016 Sed
1226 1985 1369 2029 quam
1399 1972 1539 2029 longe
1570 1970 1755 2016 videtur
1779 1985 1807 2016 a
1831 1985 2025 2018 eareere
2051 2025 2056 2032 ἱ

522 2054 660 2104 atque
700 2046 894 2091 vinculis
930 2046 1096 2113 abesse
1113 2035 1318 2109 ,debera
1350 2046 1463 2105 ¹⁰qui
1501 2060 1553 2092 se
1576 2047 1675 2105 ipse
1701 2046 1803 2106 jam
1823 2047 2019 2106 dignum

526 2119 735 2165 custodia
765 2120 1018 2178 judicarit?
1042 2116 1052 2188 ,Ι
1078 2132 1144 2165 20.
1179 2118 1331 2177 ¹Quae
1367 2135 1474 2166 cum
1512 2120 1579 2166 ita
1611 2120 1717 2178 sint,
1742 2121 1944 2178 dubitas,
1983 2121 2021 2167 si

500 2192 862 2255 ,5²emori,aequo
893 2193 1051 2238 animo
1075 2207 1169 2238 non
1192 2202 1340 2252 potes,
1362 2193 1492 2239 abire
1525 2193 1573 2239 in
1601 2193 1784 2254 aliquas
1805 2203 1953 2241 terras
1975 2203 2022 2242 et

520 2264 663 2310 vitam
694 2265 843 2322 istam,
870 2266 1027 2311 multis
1060 2267 1298 2325 suppliciis
1324 2267 1464 2327 ju'stis
1495 2267 1763 2328 debitisque
2007 2301 2019 2325 ,

525 2338 662 2396 fugae
703 2339 1031 2398 solitudinique
1067 2341 1293 2386 mandare
1315 2337 1568 2400 ?›2'?⁸Refer,
1590 2277 2021 2404 inquiaffl-

488 2389 495 2451 l
526 2420 625 2457 turn
645 2428 655 2466 ;
686 2412 733 2456 id
755 2413 880 2458 enim
901 2414 1124 2471 postulas,
1144 2422 1206 2472 et,
1229 2414 1267 2460 si
1288 2414 1366 2460 hic
1387 2416 1503 2460 ordo
1524 2402 1840 2475 ⁴sibiss'pl'acere
1861 2416 2023 2462 decre-

525 2485 642 2531 verit
682 2495 727 2531 te
768 2487 833 2531 ire
875 2487 920 2532 in
962 2487 1161 2546 exilium,
1199 2490 1628 2549 obtemperaturum
1664 2499 1711 2537 te
1748 2503 1852 2538 esse
1887 2490 2021 2537 diois·

529 2560 638 2604 Non
660 2561 867 2617 referam,
891 2561 939 2606 id
960 2562 1086 2620 quod
1105 2560 1342 2609 “abhorret
1362 2577 1392 2609 a
1411 2564 1531 2610 meis
1552 2564 1776 2623 mortha-S,
1797 2572 1843 2611 et
1864 2572 2025 2617 tamen

450 2696 452 2698 ‚
524 2631 694 2677 faciam
715 2641 762 2678 ut
786 2633 1032 2691 intelligaS,
1055 2634 1166 2694 quid
1188 2636 1235 2680 hi
1258 2636 1317 2681 de
1348 2644 1396 2683 te
1427 2637 1643 2685 sentiant.
1708 2630 2026 2698 Egredsereex

452 2653 493 2844 l

454 2800 461 2830 ι

451 2713 456 2759 ·,
528 2705 654 2761 urbe,
691 2706 902 2763 Catilina,
927 2706 1074 2753 libera
1108 2723 1207 2755 rem
1228 2709 1463 2768 publicam
1489 2720 1633 2771 metu,
1664 2711 1712 2758 in
1744 2710 2043 2777 exiliunu'sssl

528 2780 651 2826 hunc
681 2795 842 2826 vocem
874 2790 1131 2841 exspectas,
1153 2784 1460 2843 proficiscere.
1525 2786 1652 2844 Quid
1683 2796 1772 2846 est,
1794 2783 2091 2846 Caum?

2307 2970 2354 2990 Ua*

1274 3116 1320 3125 un.
