2380 3176
527 185 594 233 24
1004 196 1054 230 M.
1093 195 1267 231 'runnu
1304 194 1575 230 momzoms

517 312 832 374 respondebo.
897 312 1018 370 Ego,
1069 311 1107 356 si
1148 311 1240 356 hoc
1281 310 1511 368 optimum
1552 309 1696 366 ’ἥρω
1736 307 2032 368 ³judicarem,

527 395 687 445 patres
709 385 975 445 conscripti,
1000 386 1252 431 Catilinam
1275 393 1423 430 morte
1446 383 1648 441 multari,
1665 383 1822 429 *unius
1843 397 2037 429 usuc-m

521 531 737 580 ⁴⁵Etenim
774 535 811 580 si
850 533 1038 580 'summi
1076 534 1158 579 uiri
1193 543 1240 580 et
1273 533 1518 580 clarissimi
1553 532 1681 579 cives
1716 531 1956 578 Saturnini
1989 539 2035 578 et

533 610 855 655 Gracchorum
887 619 933 655 et
971 609 1129 655 Flacci
1166 618 1212 655 et
1251 608 1543 667 superiorum
1586 607 1900 666 complurium
1932 621 2038 653 san—

526 683 672 740 guine
693 698 786 728 non
810 684 952 728 modo
974 698 1024 728 se
1046 698 1139 728 non
1161 682 1556 738 contaminarunt,
1580 681 1665 727 sed
1687 681 1831 727 etiam
1851 679 2040 727 ⁸hones·

534 766 707 814 tarunt,
733 768 856 804 certe
877 758 1133 804 verendum
1154 757 1268 802 mihi
1290 772 1385 803 non
1407 765 1523 815 erat,
1547 771 1608 802 ne
1634 756 1749 815 quid
1780 756 1871 802 hoc
1894 755 2039 816 parri-

532 833 641 877 cida
672 832 841 877 civium
874 832 1116 877 interfecto
1148 831 1352 876 invidiae
1383 831 1498 876 mihi
1531 831 1578 876 in
1611 830 1938 890 posteritatem
1970 844 2041 876 re-

527 906 775 951 dundaret.
846 906 1025 964 Quodsr
1055 921 1111 951 ea
1139 906 1255 950 mihi
1291 905 1494 951 maxime
1532 904 1842 963 impendfifet,
1880 912 2040 951 tamen

536 980 625 1025 hoc
641 981 799 1025 animo
815 980 879 1025 fui
902 995 1100 1039 semper,
1115 989 1162 1026 ut
1185 979 1413 1025 invidiam
1431 979 1600 1025 virtute
1618 988 1803 1038 partam
1825 978 2040 1037 gloriam,

535 1068 630 1099 non
654 1054 877 1099 invidiam
900 1062 1154 1117 putarem.)<
1188 1066 1256 1109 30.
1288 1054 1607 1112 ¹Quamquam
1628 1052 1839 1098 nonnulli
1863 1060 1970 1098 sunt
1993 1053 2040 1097 in

536 1127 624 1172 hoc
658 1128 833 1184 ordine,
863 1128 968 1191 ²qui·
988 1136 1071 1189 'aut
1102 1114 1170 1190 ea]
1189 1141 1313 1187 quae
1344 1126 1591 1183 immi-nent
1617 1141 1713 1171 non
1735 1126 1940 1181 videant,
1963 1135 2044 1171 aut

462 1216 658 1260 mquae
691 1201 850 1247 vident
885 1190 1207 1247 dissimulent:
1257 1199 1356 1259 ³qui
1393 1215 1527 1260 spem
1555 1200 1788 1246 Catilinae
1823 1199 2043 1245 mollibus

533 1274 778 1319 sententiis
829 1276 1041 1328 aluerunt
1103 1274 1571 1333 conjurationemque
1621 1282 1896 1339 nascentem
1948 1288 2044 1319 non

535 1348 772 1393 credendo
803 1350 1218 1395 corroboraverunt
1243 1365 1253 1403 ;
1298 1342 1495 1405 quorum
1526 1347 1857 1394 auctoritatem
1894 1347 2043 1393 secuti
2057 1382 2066 1398 .,

466 1452 469 1456 f
540 1410 686 1479 musti,
720 1437 813 1467 non
849 1423 999 1468 solum
1036 1423 1253 1480 improbi,
1282 1437 1445 1468 verum
1482 1422 1625 1468 etiam
1656 1421 1875 1481 imperiti,
1905 1420 1962 1467 *si
1997 1411 2064 1467 in'

541 1494 663 1540 hunc
705 1496 1158 1553 animadvertissem,
1188 1496 1440 1542 crudeliter
1482 1505 1527 1542 et
1570 1497 1699 1554 regie
1729 1496 1907 1542 factum
1943 1510 2048 1541 esse

542 1569 761 1615 dicerent.
806 1557 967 1617 ³Nunc
999 1571 1237 1629 intellego,
1264 1571 1302 1615 si
1339 1571 1441 1628 iste,
1471 1586 1564 1629 quo
1596 1570 1814 1628 intendit,
1835 1571 1883 1616 in
1915 1572 2051 1616 Man-

539 1643 662 1689 liana
679 1653 831 1690 castra
847 1644 1144 1703 ⁵pervenerit,
1163 1646 1401 1691 neminem
1418 1653 1517 1691 tam
1534 1646 1728 1691 stultum
1744 1645 1842 1691 fore
1859 1644 1938 1704 qui
1955 1659 2051 1690 non

541 1716 699 1762 videat
728 1718 1097 1775 conjurationem
1129 1733 1233 1763 esse
1265 1719 1454 1774 factam,
1478 1718 1719 1763 neminem
1750 1726 1847 1764 tam
1880 1718 2051 1778 impro-

542 1791 652 1835 bum
675 1791 754 1849 qui
785 1807 879 1836 non
912 1792 1125 1838 fateatur.
1191 1794 1298 1838 Hoc
1330 1800 1489 1843 autem
1523 1807 1619 1837 uno
1648 1792 1893 1838 interfecto
1922 1791 2055 1838 intel-

539 1864 645 1922 lego
673 1866 796 1911 hanc
828 1867 892 1912 rei
923 1867 1139 1924 publicae
1167 1876 1349 1925 pestem
1368 1865 1625 1925 “paulisper
1648 1866 1853 1926 reprimi,
1875 1880 1969 1911 non
2000 1866 2047 1911 in

549 1947 822 1998 perpetuum
839 1941 1083 1999 comprimi
1102 1956 1255 1999 posse.
1311 1941 1493 1999 Quodsi
1510 1942 1579 1986 ⁷se
1595 1940 1784 1999 eJecerit
1801 1954 2055 1999 secumque
2104 1950 2108 1953 ·

544 2026 653 2056 suos
685 2012 894 2058 eduxerit
927 2022 973 2059 et
1004 2015 1171 2059 eodem
1200 2012 1400 2059 ⁸ceteros
1432 2014 1641 2073 undique
1674 2014 1896 2060 collectos
1932 2028 2046 2059 nau-

542 2085 698 2143 fragos
745 2087 1084 2144 adgregaverit,
1124 2087 1444 2146 exstinguetur
1489 2096 1631 2146 atque
1679 2086 1911 2132 delebitur
1951 2101 2046 2132 non

544 2160 684 2204 modo
716 2160 832 2205 haec
856 2160 973 2206 ⁹tam
1001 2162 1161 2207 adulta
1189 2162 1254 2206 rei
1287 2161 1505 2220 publicae
1536 2160 1700 2220 pestis,
1719 2174 1883 2206 verum
1904 2160 2048 2205 etiam

549 2233 688 2292 stirps
710 2248 766 2280 ac
789 2250 949 2281 semen
971 2237 1199 2281 malorum
1221 2236 1446 2295 omnium²
1464 2253 1494 2307 ,χ
1522 2256 1524 2258 ·

606 2338 883 2394 ΧΙΙΙ.-3ι.
921 2338 1111 2383 Etenim
1140 2337 1250 2396 ljam
1283 2338 1382 2394 diu,
1411 2346 1568 2397 patres
1597 2336 1868 2396 conscripti,
1897 2336 1944 2382 in
1975 2336 2050 2382 his

549 2411 766 2468 periculis
807 2413 1139 2469 conjurationis
1176 2412 1454 2472 insidiisque
1485 2426 1739 2468 versamur,
1773 2412 1858 2457 sed
1889 2411 2052 2457 nescio

548 2498 641 2541 quo
662 2493 803 2542 pacto
824 2486 1050 2531 ²01nnium
1072 2488 1299 2532 scelerum
1317 2501 1372 2532 ac
1389 2485 1560 2532 veteris
1576 2485 1744 2533 furoris
1762 2494 1808 2532 et
1823 2485 2053 2531 audaciae

549 2558 792 2603 maturitas
833 2557 880 2602 in
922 2559 1068 2604 nostri
1111 2561 1380 2623 consulatus
1421 2568 1607 2618 tempus
1639 2559 1805 2618 erupit.
1870 2560 2054 2618 Quodsi

546 2628 621 2674 ³ex
642 2638 773 2675 tanto
803 2631 1044 2677 latrocinio
1076 2633 1164 2678 iste
1192 2625 1312 2679 unus
1341 2634 1544 2691 tolletur,
1568 2632 1835 2680 videbimur
1854 2633 2055 2680 sortasse

550 2703 612 2748 ad
645 2704 787 2749 breve
820 2705 1059 2763 quoddam
1095 2715 1280 2766 tempus
1316 2722 1428 2753 cura
1463 2716 1510 2755 et
1546 2716 1675 2754 metu
1710 2722 1815 2754 esse
1847 2707 2054 2766 relevati,

545 2777 801 2835 periculum
840 2787 998 2824 autem
1039 2779 1260 2826 residebit
1302 2789 1349 2827 et
1391 2780 1476 2828 erit
1519 2781 1761 2828 inclusum·
1784 2782 1969 2848 penitus
2002 2781 2051 2829 in
2113 2807 2119 2814 ·
